[gd_scene load_steps=16 format=2]

[ext_resource path="res://scripts/lobby/lobby.gd" type="Script" id=1]
[ext_resource path="res://assets/fonts/dynamicfont_ui_label.tres" type="DynamicFont" id=2]
[ext_resource path="res://assets/fonts/sarasa-ui-sc-italic.ttf" type="DynamicFontData" id=3]
[ext_resource path="res://assets/fonts/sarasa-ui-sc-bold.ttf" type="DynamicFontData" id=4]
[ext_resource path="res://assets/themes/default.tres" type="Theme" id=5]
[ext_resource path="res://assets/fonts/dynamicfont_ui_title_large.tres" type="DynamicFont" id=6]
[ext_resource path="res://scripts/lobby/connecting_screen.gd" type="Script" id=7]
[ext_resource path="res://assets/fonts/dynamicfont_ui_label_light.tres" type="DynamicFont" id=8]
[ext_resource path="res://scripts/lobby/hidden_dice_dialog.gd" type="Script" id=9]
[ext_resource path="res://scripts/lobby/notepad_dialog.gd" type="Script" id=10]
[ext_resource path="res://scripts/lobby/player_list_dialog.gd" type="Script" id=11]
[ext_resource path="res://scripts/lobby/private_msg_dialog.gd" type="Script" id=12]
[ext_resource path="res://scripts/lobby/exit_dialog.gd" type="Script" id=13]

[sub_resource type="DynamicFont" id=1]
font_data = ExtResource( 3 )

[sub_resource type="DynamicFont" id=2]
font_data = ExtResource( 4 )

[node name="Lobby" type="Control"]
anchor_right = 1.0
anchor_bottom = 1.0
theme = ExtResource( 5 )
script = ExtResource( 1 )
__meta__ = {
"_edit_lock_": true,
"_edit_use_anchors_": false
}

[node name="Background" type="ColorRect" parent="."]
margin_right = 960.0
margin_bottom = 540.0
color = Color( 0, 0, 0, 1 )
__meta__ = {
"_edit_lock_": true
}

[node name="InputChat" type="LineEdit" parent="."]
margin_left = 110.0
margin_top = 480.0
margin_right = 850.0
margin_bottom = 520.0
custom_fonts/font = ExtResource( 2 )
max_length = 256
__meta__ = {
"_edit_group_": true,
"_edit_lock_": true,
"_edit_use_anchors_": false
}

[node name="CharacterLog" type="Label" parent="."]
margin_left = 120.0
margin_right = 500.0
margin_bottom = 40.0
custom_fonts/font = ExtResource( 2 )
text = "故事"
valign = 1
__meta__ = {
"_edit_group_": true,
"_edit_lock_": true,
"_edit_use_anchors_": false
}

[node name="BG" type="ColorRect" parent="CharacterLog"]
margin_left = -10.0
margin_top = 40.0
margin_right = 390.0
margin_bottom = 470.0
color = Color( 0.301961, 0.301961, 0.301961, 1 )
__meta__ = {
"_edit_lock_": true,
"_edit_use_anchors_": false
}

[node name="Content" type="RichTextLabel" parent="CharacterLog"]
margin_left = -10.0
margin_top = 40.0
margin_right = 390.0
margin_bottom = 470.0
focus_mode = 2
custom_fonts/italics_font = SubResource( 1 )
custom_fonts/bold_font = SubResource( 2 )
custom_fonts/normal_font = ExtResource( 2 )
bbcode_enabled = true
scroll_following = true
selection_enabled = true
__meta__ = {
"_edit_lock_": true,
"_edit_use_anchors_": false
}

[node name="PlayerLog" type="Label" parent="."]
margin_left = 530.0
margin_right = 838.0
margin_bottom = 40.0
custom_fonts/font = ExtResource( 2 )
text = "玩家"
valign = 1
__meta__ = {
"_edit_group_": true,
"_edit_lock_": true,
"_edit_use_anchors_": false
}

[node name="BG" type="ColorRect" parent="PlayerLog"]
margin_left = -10.0
margin_top = 40.0
margin_right = 320.0
margin_bottom = 470.0
color = Color( 0.301961, 0.301961, 0.301961, 1 )
__meta__ = {
"_edit_lock_": true,
"_edit_use_anchors_": false
}

[node name="Content" type="RichTextLabel" parent="PlayerLog"]
margin_left = -10.0
margin_top = 40.0
margin_right = 320.0
margin_bottom = 470.0
focus_mode = 2
custom_fonts/italics_font = SubResource( 1 )
custom_fonts/bold_font = SubResource( 2 )
custom_fonts/normal_font = ExtResource( 2 )
bbcode_enabled = true
scroll_following = true
selection_enabled = true
__meta__ = {
"_edit_lock_": true,
"_edit_use_anchors_": false
}

[node name="Buttons" type="Control" parent="."]
margin_right = 40.0
margin_bottom = 40.0
__meta__ = {
"_edit_group_": true,
"_edit_lock_": true,
"_edit_use_anchors_": false
}

[node name="SendAsCharacter" type="Button" parent="Buttons"]
margin_left = 20.0
margin_top = 480.0
margin_right = 90.0
margin_bottom = 520.0
custom_fonts/font = ExtResource( 2 )
disabled = true
text = "发送"

[node name="SendAsPlayer" type="Button" parent="Buttons"]
margin_left = 870.0
margin_top = 480.0
margin_right = 940.0
margin_bottom = 520.0
custom_fonts/font = ExtResource( 2 )
disabled = true
text = "发送"

[node name="D4" type="Button" parent="Buttons"]
margin_left = 20.0
margin_top = 100.0
margin_right = 90.0
margin_bottom = 140.0
custom_fonts/font = ExtResource( 2 )
text = "D4"

[node name="D6" type="Button" parent="Buttons"]
margin_left = 20.0
margin_top = 160.0
margin_right = 90.0
margin_bottom = 200.0
custom_fonts/font = ExtResource( 2 )
text = "D6"

[node name="D8" type="Button" parent="Buttons"]
margin_left = 20.0
margin_top = 220.0
margin_right = 90.0
margin_bottom = 260.0
custom_fonts/font = ExtResource( 2 )
text = "D8"

[node name="D20" type="Button" parent="Buttons"]
margin_left = 20.0
margin_top = 280.0
margin_right = 90.0
margin_bottom = 320.0
custom_fonts/font = ExtResource( 2 )
text = "D20"

[node name="D100" type="Button" parent="Buttons"]
margin_left = 20.0
margin_top = 340.0
margin_right = 90.0
margin_bottom = 380.0
custom_fonts/font = ExtResource( 2 )
text = "D100"

[node name="ListPlayer" type="Button" parent="Buttons"]
margin_left = 870.0
margin_top = 130.0
margin_right = 940.0
margin_bottom = 170.0
custom_fonts/font = ExtResource( 2 )
text = "玩家"

[node name="HiddenDice" type="Button" parent="Buttons"]
margin_left = 870.0
margin_top = 190.0
margin_right = 940.0
margin_bottom = 230.0
custom_fonts/font = ExtResource( 2 )
disabled = true
text = "暗骰"
__meta__ = {
"_edit_use_anchors_": false
}

[node name="Save" type="Button" parent="Buttons"]
margin_left = 870.0
margin_top = 250.0
margin_right = 940.0
margin_bottom = 290.0
custom_fonts/font = ExtResource( 2 )
disabled = true
text = "保存"

[node name="Notepad" type="Button" parent="Buttons"]
margin_left = 870.0
margin_top = 310.0
margin_right = 940.0
margin_bottom = 350.0
custom_fonts/font = ExtResource( 2 )
text = "记事本"

[node name="Exit" type="Button" parent="Buttons"]
margin_left = 870.0
margin_top = 370.0
margin_right = 940.0
margin_bottom = 410.0
custom_fonts/font = ExtResource( 2 )
text = "离开"
__meta__ = {
"_edit_use_anchors_": false
}

[node name="PrivateMsg" type="Button" parent="Buttons"]
margin_left = 870.0
margin_top = 70.0
margin_right = 940.0
margin_bottom = 110.0
custom_fonts/font = ExtResource( 2 )
text = "私聊"
__meta__ = {
"_edit_use_anchors_": false
}

[node name="ConnectingScreen" type="ColorRect" parent="."]
margin_right = 960.0
margin_bottom = 540.0
color = Color( 0, 0, 0, 1 )
script = ExtResource( 7 )
__meta__ = {
"_edit_group_": true,
"_edit_lock_": true,
"_edit_use_anchors_": false
}

[node name="LabelConnecting" type="Label" parent="ConnectingScreen"]
margin_right = 960.0
margin_bottom = 400.0
custom_fonts/font = ExtResource( 6 )
text = "正在连接服务器......"
align = 1
valign = 1
autowrap = true

[node name="HelpText" type="Label" parent="ConnectingScreen"]
margin_top = 220.0
margin_right = 960.0
margin_bottom = 300.0
custom_fonts/font = ExtResource( 2 )
align = 1
valign = 1
autowrap = true

[node name="ButtonCancel" type="Button" parent="ConnectingScreen"]
margin_left = 410.0
margin_top = 300.0
margin_right = 550.0
margin_bottom = 340.0
custom_fonts/font = ExtResource( 2 )
text = "取消"

[node name="HiddenDiceDialog" type="WindowDialog" parent="."]
margin_top = 560.0
margin_right = 410.0
margin_bottom = 630.0
custom_fonts/title_font = ExtResource( 8 )
window_title = "暗骰"
script = ExtResource( 9 )
__meta__ = {
"_edit_use_anchors_": false
}

[node name="HD4" type="Button" parent="HiddenDiceDialog"]
margin_left = 20.0
margin_top = 20.0
margin_right = 60.0
margin_bottom = 50.0
custom_fonts/font = ExtResource( 8 )
text = "D4"

[node name="HD6" type="Button" parent="HiddenDiceDialog"]
margin_left = 80.0
margin_top = 20.0
margin_right = 120.0
margin_bottom = 50.0
custom_fonts/font = ExtResource( 8 )
text = "D6"

[node name="HD8" type="Button" parent="HiddenDiceDialog"]
margin_left = 140.0
margin_top = 20.0
margin_right = 180.0
margin_bottom = 50.0
custom_fonts/font = ExtResource( 8 )
text = "D8"
__meta__ = {
"_edit_use_anchors_": false
}

[node name="HD20" type="Button" parent="HiddenDiceDialog"]
margin_left = 200.0
margin_top = 20.0
margin_right = 240.0
margin_bottom = 50.0
custom_fonts/font = ExtResource( 8 )
text = "D20"

[node name="HD100" type="Button" parent="HiddenDiceDialog"]
margin_left = 260.0
margin_top = 20.0
margin_right = 306.0
margin_bottom = 50.0
custom_fonts/font = ExtResource( 8 )
text = "D100"

[node name="Result" type="LineEdit" parent="HiddenDiceDialog"]
margin_left = 330.0
margin_top = 20.0
margin_right = 390.0
margin_bottom = 50.0
custom_fonts/font = ExtResource( 8 )
align = 1
editable = false

[node name="NotepadDialog" type="WindowDialog" parent="."]
margin_top = 660.0
margin_right = 400.0
margin_bottom = 960.0
custom_fonts/title_font = ExtResource( 8 )
window_title = "记事本"
script = ExtResource( 10 )
__meta__ = {
"_edit_use_anchors_": false
}

[node name="Notes" type="TextEdit" parent="NotepadDialog"]
margin_left = 10.0
margin_top = 10.0
margin_right = 390.0
margin_bottom = 290.0
custom_fonts/font = ExtResource( 8 )

[node name="PlayerListDialog" type="WindowDialog" parent="."]
margin_top = -490.0
margin_right = 920.0
custom_fonts/title_font = ExtResource( 8 )
window_title = "玩家列表"
script = ExtResource( 11 )
__meta__ = {
"_edit_use_anchors_": false
}

[node name="PlayerList" type="ItemList" parent="PlayerListDialog"]
margin_left = 10.0
margin_top = 10.0
margin_right = 170.0
margin_bottom = 170.0
custom_fonts/font = ExtResource( 8 )
__meta__ = {
"_edit_use_anchors_": false
}

[node name="SkillList" type="ItemList" parent="PlayerListDialog"]
margin_left = 10.0
margin_top = 180.0
margin_right = 170.0
margin_bottom = 480.0
custom_fonts/font = ExtResource( 8 )
__meta__ = {
"_edit_use_anchors_": false
}

[node name="STR" type="LineEdit" parent="PlayerListDialog"]
margin_left = 300.0
margin_top = 10.0
margin_right = 360.0
margin_bottom = 42.0
custom_fonts/font = ExtResource( 8 )
align = 1
max_length = 4
__meta__ = {
"_edit_use_anchors_": false
}

[node name="Label" type="Label" parent="PlayerListDialog/STR"]
margin_left = -130.0
margin_bottom = 32.0
custom_fonts/font = ExtResource( 8 )
text = "力量: 000, 000, 000"
align = 1
valign = 1

[node name="DEX" type="LineEdit" parent="PlayerListDialog"]
margin_left = 300.0
margin_top = 50.0
margin_right = 360.0
margin_bottom = 82.0
custom_fonts/font = ExtResource( 8 )
align = 1
max_length = 4
__meta__ = {
"_edit_use_anchors_": false
}

[node name="Label" type="Label" parent="PlayerListDialog/DEX"]
margin_left = -130.0
margin_bottom = 32.0
custom_fonts/font = ExtResource( 8 )
text = "敏捷: 000, 000, 000"
align = 1
valign = 1

[node name="INT" type="LineEdit" parent="PlayerListDialog"]
margin_left = 300.0
margin_top = 90.0
margin_right = 360.0
margin_bottom = 122.0
custom_fonts/font = ExtResource( 8 )
align = 1
max_length = 4
__meta__ = {
"_edit_use_anchors_": false
}

[node name="Label" type="Label" parent="PlayerListDialog/INT"]
margin_left = -130.0
margin_bottom = 32.0
custom_fonts/font = ExtResource( 8 )
text = "智力: 000, 000, 000"
align = 1
valign = 1

[node name="CON" type="LineEdit" parent="PlayerListDialog"]
margin_left = 300.0
margin_top = 130.0
margin_right = 360.0
margin_bottom = 162.0
custom_fonts/font = ExtResource( 8 )
align = 1
max_length = 4
__meta__ = {
"_edit_use_anchors_": false
}

[node name="Label" type="Label" parent="PlayerListDialog/CON"]
margin_left = -130.0
margin_bottom = 32.0
custom_fonts/font = ExtResource( 8 )
text = "体质: 000, 000, 000"
align = 1
valign = 1

[node name="APP" type="LineEdit" parent="PlayerListDialog"]
margin_left = 300.0
margin_top = 170.0
margin_right = 360.0
margin_bottom = 202.0
custom_fonts/font = ExtResource( 8 )
align = 1
max_length = 4
__meta__ = {
"_edit_use_anchors_": false
}

[node name="Label" type="Label" parent="PlayerListDialog/APP"]
margin_left = -130.0
margin_bottom = 32.0
custom_fonts/font = ExtResource( 8 )
text = "外貌: 000, 000, 000"
align = 1
valign = 1

[node name="POW" type="LineEdit" parent="PlayerListDialog"]
margin_left = 300.0
margin_top = 210.0
margin_right = 360.0
margin_bottom = 242.0
custom_fonts/font = ExtResource( 8 )
align = 1
max_length = 4
__meta__ = {
"_edit_use_anchors_": false
}

[node name="Label" type="Label" parent="PlayerListDialog/POW"]
margin_left = -130.0
margin_bottom = 32.0
custom_fonts/font = ExtResource( 8 )
text = "意志: 000, 000, 000"
align = 1
valign = 1

[node name="SIZ" type="LineEdit" parent="PlayerListDialog"]
margin_left = 300.0
margin_top = 250.0
margin_right = 360.0
margin_bottom = 282.0
custom_fonts/font = ExtResource( 8 )
align = 1
max_length = 4
__meta__ = {
"_edit_use_anchors_": false
}

[node name="Label" type="Label" parent="PlayerListDialog/SIZ"]
margin_left = -130.0
margin_bottom = 32.0
custom_fonts/font = ExtResource( 8 )
text = "体型: 000, 000, 000"
align = 1
valign = 1

[node name="EDU" type="LineEdit" parent="PlayerListDialog"]
margin_left = 300.0
margin_top = 290.0
margin_right = 360.0
margin_bottom = 322.0
custom_fonts/font = ExtResource( 8 )
align = 1
max_length = 4
__meta__ = {
"_edit_use_anchors_": false
}

[node name="Label" type="Label" parent="PlayerListDialog/EDU"]
margin_left = -130.0
margin_bottom = 32.0
custom_fonts/font = ExtResource( 8 )
text = "教育: 000, 000, 000"
align = 1
valign = 1

[node name="Luck" type="LineEdit" parent="PlayerListDialog"]
margin_left = 300.0
margin_top = 330.0
margin_right = 360.0
margin_bottom = 362.0
custom_fonts/font = ExtResource( 8 )
align = 1
max_length = 4
__meta__ = {
"_edit_use_anchors_": false
}

[node name="Label" type="Label" parent="PlayerListDialog/Luck"]
margin_left = -130.0
margin_bottom = 32.0
custom_fonts/font = ExtResource( 8 )
text = "幸运: 000, 000, 000"
align = 1
valign = 1

[node name="SkillBase" type="LineEdit" parent="PlayerListDialog"]
margin_left = 300.0
margin_top = 370.0
margin_right = 360.0
margin_bottom = 402.0
custom_fonts/font = ExtResource( 8 )
align = 1
max_length = 4
__meta__ = {
"_edit_use_anchors_": false
}

[node name="Label" type="Label" parent="PlayerListDialog/SkillBase"]
margin_left = -130.0
margin_bottom = 32.0
custom_fonts/font = ExtResource( 8 )
text = "初始: 000, 000, 000"
align = 1
valign = 1

[node name="SkillPro" type="LineEdit" parent="PlayerListDialog"]
margin_left = 300.0
margin_top = 410.0
margin_right = 360.0
margin_bottom = 442.0
custom_fonts/font = ExtResource( 8 )
align = 1
max_length = 4
__meta__ = {
"_edit_use_anchors_": false
}

[node name="Label" type="Label" parent="PlayerListDialog/SkillPro"]
margin_left = -130.0
margin_bottom = 32.0
custom_fonts/font = ExtResource( 8 )
text = "职业: 000, 000, 000"
align = 1
valign = 1

[node name="SkillInterest" type="LineEdit" parent="PlayerListDialog"]
margin_left = 300.0
margin_top = 450.0
margin_right = 360.0
margin_bottom = 482.0
custom_fonts/font = ExtResource( 8 )
align = 1
max_length = 4
__meta__ = {
"_edit_use_anchors_": false
}

[node name="Label" type="Label" parent="PlayerListDialog/SkillInterest"]
margin_left = -130.0
margin_bottom = 32.0
custom_fonts/font = ExtResource( 8 )
text = "兴趣: 000, 000, 000"
align = 1
valign = 1

[node name="SkillName" type="LineEdit" parent="PlayerListDialog"]
margin_left = 420.0
margin_top = 450.0
margin_right = 640.0
margin_bottom = 482.0
custom_fonts/font = ExtResource( 8 )
align = 1
max_length = 32
editable = false
__meta__ = {
"_edit_use_anchors_": false
}

[node name="Label" type="Label" parent="PlayerListDialog/SkillName"]
margin_left = -40.0
margin_bottom = 32.0
custom_fonts/font = ExtResource( 8 )
text = "技能"
align = 1
valign = 1

[node name="ButtonSkillAdd" type="Button" parent="PlayerListDialog"]
margin_left = 740.0
margin_top = 450.0
margin_right = 820.0
margin_bottom = 480.0
custom_fonts/font = ExtResource( 8 )
disabled = true
text = "添加技能"
__meta__ = {
"_edit_use_anchors_": false
}

[node name="ButtonSkillRemove" type="Button" parent="PlayerListDialog"]
margin_left = 650.0
margin_top = 450.0
margin_right = 730.0
margin_bottom = 480.0
custom_fonts/font = ExtResource( 8 )
disabled = true
text = "删除技能"

[node name="ButtonSkillKick" type="Button" parent="PlayerListDialog"]
margin_left = 830.0
margin_top = 450.0
margin_right = 910.0
margin_bottom = 480.0
custom_fonts/font = ExtResource( 8 )
disabled = true
text = "移除玩家"

[node name="HP" type="Label" parent="PlayerListDialog"]
margin_left = 380.0
margin_top = 10.0
margin_right = 420.0
margin_bottom = 42.0
custom_fonts/font = ExtResource( 8 )
text = "生命"
align = 1
valign = 1
__meta__ = {
"_edit_use_anchors_": false
}

[node name="Current" type="LineEdit" parent="PlayerListDialog/HP"]
margin_left = 40.0
margin_right = 100.0
margin_bottom = 32.0
custom_fonts/font = ExtResource( 8 )
align = 1
max_length = 4
__meta__ = {
"_edit_use_anchors_": false
}

[node name="MAX" type="LineEdit" parent="PlayerListDialog/HP"]
margin_left = 100.0
margin_right = 160.0
margin_bottom = 32.0
custom_fonts/font = ExtResource( 8 )
align = 1
max_length = 4
__meta__ = {
"_edit_use_anchors_": false
}

[node name="MP" type="Label" parent="PlayerListDialog"]
margin_left = 380.0
margin_top = 50.0
margin_right = 420.0
margin_bottom = 82.0
custom_fonts/font = ExtResource( 8 )
text = "魔法"
align = 1
valign = 1
__meta__ = {
"_edit_use_anchors_": false
}

[node name="Current" type="LineEdit" parent="PlayerListDialog/MP"]
margin_left = 40.0
margin_right = 100.0
margin_bottom = 32.0
custom_fonts/font = ExtResource( 8 )
align = 1
max_length = 4
__meta__ = {
"_edit_use_anchors_": false
}

[node name="MAX" type="LineEdit" parent="PlayerListDialog/MP"]
margin_left = 100.0
margin_right = 160.0
margin_bottom = 32.0
custom_fonts/font = ExtResource( 8 )
align = 1
max_length = 4
__meta__ = {
"_edit_use_anchors_": false
}

[node name="SAN" type="Label" parent="PlayerListDialog"]
margin_left = 380.0
margin_top = 90.0
margin_right = 420.0
margin_bottom = 122.0
custom_fonts/font = ExtResource( 8 )
text = "理智"
align = 1
valign = 1
__meta__ = {
"_edit_use_anchors_": false
}

[node name="Current" type="LineEdit" parent="PlayerListDialog/SAN"]
margin_left = 40.0
margin_right = 100.0
margin_bottom = 32.0
custom_fonts/font = ExtResource( 8 )
align = 1
max_length = 4
__meta__ = {
"_edit_use_anchors_": false
}

[node name="MAX" type="LineEdit" parent="PlayerListDialog/SAN"]
margin_left = 100.0
margin_right = 160.0
margin_bottom = 32.0
custom_fonts/font = ExtResource( 8 )
align = 1
max_length = 4
__meta__ = {
"_edit_use_anchors_": false
}

[node name="Damage" type="LineEdit" parent="PlayerListDialog"]
margin_left = 600.0
margin_top = 10.0
margin_right = 660.0
margin_bottom = 42.0
custom_fonts/font = ExtResource( 8 )
align = 1
max_length = 8
__meta__ = {
"_edit_use_anchors_": false
}

[node name="Label" type="Label" parent="PlayerListDialog/Damage"]
margin_left = -40.0
margin_bottom = 32.0
custom_fonts/font = ExtResource( 8 )
text = "伤害"
align = 1
valign = 1

[node name="Body" type="LineEdit" parent="PlayerListDialog"]
margin_left = 600.0
margin_top = 50.0
margin_right = 660.0
margin_bottom = 82.0
custom_fonts/font = ExtResource( 8 )
align = 1
max_length = 4
__meta__ = {
"_edit_use_anchors_": false
}

[node name="Label" type="Label" parent="PlayerListDialog/Body"]
margin_left = -40.0
margin_bottom = 32.0
custom_fonts/font = ExtResource( 8 )
text = "体格"
align = 1
valign = 1

[node name="MOV" type="LineEdit" parent="PlayerListDialog"]
margin_left = 600.0
margin_top = 90.0
margin_right = 660.0
margin_bottom = 122.0
custom_fonts/font = ExtResource( 8 )
align = 1
max_length = 4
__meta__ = {
"_edit_use_anchors_": false
}

[node name="Label" type="Label" parent="PlayerListDialog/MOV"]
margin_left = -40.0
margin_bottom = 32.0
custom_fonts/font = ExtResource( 8 )
text = "移动"
align = 1
valign = 1

[node name="Name" type="LineEdit" parent="PlayerListDialog"]
margin_left = 720.0
margin_top = 10.0
margin_right = 910.0
margin_bottom = 42.0
custom_fonts/font = ExtResource( 8 )
align = 1
max_length = 32
__meta__ = {
"_edit_use_anchors_": false
}

[node name="Label" type="Label" parent="PlayerListDialog/Name"]
margin_left = -40.0
margin_bottom = 32.0
custom_fonts/font = ExtResource( 8 )
text = "姓名"
align = 1
valign = 1

[node name="Player" type="LineEdit" parent="PlayerListDialog"]
margin_left = 720.0
margin_top = 50.0
margin_right = 910.0
margin_bottom = 82.0
custom_fonts/font = ExtResource( 8 )
align = 1
max_length = 32
__meta__ = {
"_edit_use_anchors_": false
}

[node name="Label" type="Label" parent="PlayerListDialog/Player"]
margin_left = -40.0
margin_bottom = 32.0
custom_fonts/font = ExtResource( 8 )
text = "玩家"
align = 1
valign = 1

[node name="Job" type="LineEdit" parent="PlayerListDialog"]
margin_left = 720.0
margin_top = 90.0
margin_right = 910.0
margin_bottom = 122.0
custom_fonts/font = ExtResource( 8 )
align = 1
max_length = 32
__meta__ = {
"_edit_use_anchors_": false
}

[node name="Label" type="Label" parent="PlayerListDialog/Job"]
margin_left = -40.0
margin_bottom = 32.0
custom_fonts/font = ExtResource( 8 )
text = "职业"
align = 1
valign = 1

[node name="Address" type="LineEdit" parent="PlayerListDialog"]
margin_left = 420.0
margin_top = 130.0
margin_right = 630.0
margin_bottom = 162.0
custom_fonts/font = ExtResource( 8 )
align = 1
max_length = 32
__meta__ = {
"_edit_use_anchors_": false
}

[node name="Label" type="Label" parent="PlayerListDialog/Address"]
margin_left = -40.0
margin_bottom = 32.0
custom_fonts/font = ExtResource( 8 )
text = "住地"
align = 1
valign = 1

[node name="Origin" type="LineEdit" parent="PlayerListDialog"]
margin_left = 700.0
margin_top = 130.0
margin_right = 910.0
margin_bottom = 162.0
custom_fonts/font = ExtResource( 8 )
align = 1
max_length = 32
__meta__ = {
"_edit_use_anchors_": false
}

[node name="Label" type="Label" parent="PlayerListDialog/Origin"]
margin_left = -40.0
margin_bottom = 32.0
custom_fonts/font = ExtResource( 8 )
text = "出身"
align = 1
valign = 1

[node name="Age" type="LineEdit" parent="PlayerListDialog"]
margin_left = 810.0
margin_top = 170.0
margin_right = 910.0
margin_bottom = 202.0
custom_fonts/font = ExtResource( 8 )
align = 1
max_length = 4
__meta__ = {
"_edit_use_anchors_": false
}

[node name="Label" type="Label" parent="PlayerListDialog/Age"]
margin_left = -40.0
margin_bottom = 32.0
custom_fonts/font = ExtResource( 8 )
text = "年龄"
align = 1
valign = 1

[node name="Sex" type="LineEdit" parent="PlayerListDialog"]
margin_left = 810.0
margin_top = 210.0
margin_right = 910.0
margin_bottom = 242.0
custom_fonts/font = ExtResource( 8 )
align = 1
max_length = 8
__meta__ = {
"_edit_use_anchors_": false
}

[node name="Label" type="Label" parent="PlayerListDialog/Sex"]
margin_left = -40.0
margin_bottom = 32.0
custom_fonts/font = ExtResource( 8 )
text = "性别"
align = 1
valign = 1

[node name="DetailList" type="ItemList" parent="PlayerListDialog"]
margin_left = 770.0
margin_top = 250.0
margin_right = 910.0
margin_bottom = 400.0
custom_fonts/font = ExtResource( 8 )
__meta__ = {
"_edit_lock_": true,
"_edit_use_anchors_": false
}

[node name="BGAppearance" type="Label" parent="PlayerListDialog"]
visible = false
margin_left = 380.0
margin_top = 170.0
margin_right = 760.0
margin_bottom = 200.0
custom_fonts/font = ExtResource( 8 )
text = "形象描述"
align = 1
valign = 1
autowrap = true
__meta__ = {
"_edit_use_anchors_": false
}

[node name="Content" type="TextEdit" parent="PlayerListDialog/BGAppearance"]
margin_top = 30.0
margin_right = 380.0
margin_bottom = 270.0
custom_fonts/font = ExtResource( 8 )
wrap_enabled = true

[node name="BGBelief" type="Label" parent="PlayerListDialog"]
visible = false
margin_left = 380.0
margin_top = 170.0
margin_right = 760.0
margin_bottom = 200.0
custom_fonts/font = ExtResource( 8 )
text = "思想与信念"
align = 1
valign = 1
autowrap = true
__meta__ = {
"_edit_use_anchors_": false
}

[node name="Content" type="TextEdit" parent="PlayerListDialog/BGBelief"]
margin_top = 30.0
margin_right = 380.0
margin_bottom = 270.0
custom_fonts/font = ExtResource( 8 )
wrap_enabled = true

[node name="BGPerson" type="Label" parent="PlayerListDialog"]
visible = false
margin_left = 380.0
margin_top = 170.0
margin_right = 760.0
margin_bottom = 200.0
custom_fonts/font = ExtResource( 8 )
text = "重要之人"
align = 1
valign = 1
autowrap = true
__meta__ = {
"_edit_use_anchors_": false
}

[node name="Content" type="TextEdit" parent="PlayerListDialog/BGPerson"]
margin_top = 30.0
margin_right = 380.0
margin_bottom = 270.0
custom_fonts/font = ExtResource( 8 )
wrap_enabled = true

[node name="BGPlace" type="Label" parent="PlayerListDialog"]
visible = false
margin_left = 380.0
margin_top = 170.0
margin_right = 760.0
margin_bottom = 200.0
custom_fonts/font = ExtResource( 8 )
text = "意义非凡之地"
align = 1
valign = 1
autowrap = true
__meta__ = {
"_edit_use_anchors_": false
}

[node name="Content" type="TextEdit" parent="PlayerListDialog/BGPlace"]
margin_top = 30.0
margin_right = 380.0
margin_bottom = 270.0
custom_fonts/font = ExtResource( 8 )
wrap_enabled = true

[node name="BGTreasure" type="Label" parent="PlayerListDialog"]
visible = false
margin_left = 380.0
margin_top = 170.0
margin_right = 760.0
margin_bottom = 200.0
custom_fonts/font = ExtResource( 8 )
text = "宝贵之物"
align = 1
valign = 1
autowrap = true
__meta__ = {
"_edit_use_anchors_": false
}

[node name="Content" type="TextEdit" parent="PlayerListDialog/BGTreasure"]
margin_top = 30.0
margin_right = 380.0
margin_bottom = 270.0
custom_fonts/font = ExtResource( 8 )
wrap_enabled = true

[node name="BGPersonality" type="Label" parent="PlayerListDialog"]
visible = false
margin_left = 380.0
margin_top = 170.0
margin_right = 760.0
margin_bottom = 200.0
custom_fonts/font = ExtResource( 8 )
text = "特质"
align = 1
valign = 1
autowrap = true
__meta__ = {
"_edit_use_anchors_": false
}

[node name="Content" type="TextEdit" parent="PlayerListDialog/BGPersonality"]
margin_top = 30.0
margin_right = 380.0
margin_bottom = 270.0
custom_fonts/font = ExtResource( 8 )
wrap_enabled = true

[node name="BGScar" type="Label" parent="PlayerListDialog"]
visible = false
margin_left = 380.0
margin_top = 170.0
margin_right = 760.0
margin_bottom = 200.0
custom_fonts/font = ExtResource( 8 )
text = "伤口和疤痕"
align = 1
valign = 1
autowrap = true
__meta__ = {
"_edit_use_anchors_": false
}

[node name="Content" type="TextEdit" parent="PlayerListDialog/BGScar"]
margin_top = 30.0
margin_right = 380.0
margin_bottom = 270.0
custom_fonts/font = ExtResource( 8 )
wrap_enabled = true

[node name="BGIllness" type="Label" parent="PlayerListDialog"]
visible = false
margin_left = 380.0
margin_top = 170.0
margin_right = 760.0
margin_bottom = 200.0
custom_fonts/font = ExtResource( 8 )
text = "恐惧症和狂躁症"
align = 1
valign = 1
autowrap = true
__meta__ = {
"_edit_use_anchors_": false
}

[node name="Content" type="TextEdit" parent="PlayerListDialog/BGIllness"]
margin_top = 30.0
margin_right = 380.0
margin_bottom = 270.0
custom_fonts/font = ExtResource( 8 )
wrap_enabled = true

[node name="BGExtra" type="Label" parent="PlayerListDialog"]
visible = false
margin_left = 380.0
margin_top = 170.0
margin_right = 760.0
margin_bottom = 200.0
custom_fonts/font = ExtResource( 8 )
text = "额外背景"
align = 1
valign = 1
autowrap = true
__meta__ = {
"_edit_use_anchors_": false
}

[node name="Content" type="TextEdit" parent="PlayerListDialog/BGExtra"]
margin_top = 30.0
margin_right = 380.0
margin_bottom = 270.0
custom_fonts/font = ExtResource( 8 )
wrap_enabled = true

[node name="Assets" type="Label" parent="PlayerListDialog"]
visible = false
margin_left = 380.0
margin_top = 170.0
margin_right = 760.0
margin_bottom = 200.0
custom_fonts/font = ExtResource( 8 )
text = "资产，装备和道具"
align = 1
valign = 1
autowrap = true
__meta__ = {
"_edit_use_anchors_": false
}

[node name="Content" type="TextEdit" parent="PlayerListDialog/Assets"]
margin_top = 30.0
margin_right = 380.0
margin_bottom = 270.0
custom_fonts/font = ExtResource( 8 )
wrap_enabled = true

[node name="ButtonReturn" type="Button" parent="PlayerListDialog"]
margin_left = 770.0
margin_top = 410.0
margin_right = 910.0
margin_bottom = 440.0
custom_fonts/font = ExtResource( 8 )
text = "关闭"
__meta__ = {
"_edit_use_anchors_": false
}

[node name="SaveDialog" type="WindowDialog" parent="."]
margin_top = -80.0
margin_right = 400.0
margin_bottom = -30.0
custom_fonts/title_font = ExtResource( 8 )
window_title = "保存游戏"
__meta__ = {
"_edit_use_anchors_": false
}

[node name="SaveName" type="LineEdit" parent="SaveDialog"]
margin_left = 10.0
margin_top = 10.0
margin_right = 310.0
margin_bottom = 40.0
custom_fonts/font = ExtResource( 8 )
align = 1
max_length = 32
placeholder_text = "请输入游戏存档名..."

[node name="DialogSave" type="Button" parent="SaveDialog"]
margin_left = 320.0
margin_top = 10.0
margin_right = 390.0
margin_bottom = 40.0
custom_fonts/font = ExtResource( 8 )
text = "确认"

[node name="PrivateMsgDialog" type="WindowDialog" parent="."]
margin_left = 960.0
margin_top = 20.0
margin_right = 1520.0
margin_bottom = 400.0
custom_fonts/title_font = ExtResource( 8 )
window_title = "私聊 (信息不会被保存)"
script = ExtResource( 12 )
__meta__ = {
"_edit_use_anchors_": false
}

[node name="PlayerList" type="ItemList" parent="PrivateMsgDialog"]
margin_left = 10.0
margin_top = 10.0
margin_right = 170.0
margin_bottom = 370.0
custom_fonts/font = ExtResource( 8 )

[node name="LogArea" type="ColorRect" parent="PrivateMsgDialog"]
margin_left = 180.0
margin_top = 10.0
margin_right = 550.0
margin_bottom = 330.0
color = Color( 0.301961, 0.301961, 0.301961, 1 )
__meta__ = {
"_edit_use_anchors_": false
}

[node name="Log" type="RichTextLabel" parent="PrivateMsgDialog"]
margin_left = 180.0
margin_top = 10.0
margin_right = 550.0
margin_bottom = 330.0
custom_fonts/normal_font = ExtResource( 8 )
scroll_following = true
__meta__ = {
"_edit_use_anchors_": false
}

[node name="InputMsg" type="LineEdit" parent="PrivateMsgDialog"]
margin_left = 180.0
margin_top = 340.0
margin_right = 470.0
margin_bottom = 370.0
custom_fonts/font = ExtResource( 8 )
max_length = 256
__meta__ = {
"_edit_use_anchors_": false
}

[node name="ButtonSend" type="Button" parent="PrivateMsgDialog"]
margin_left = 480.0
margin_top = 340.0
margin_right = 550.0
margin_bottom = 370.0
custom_fonts/font = ExtResource( 8 )
disabled = true
text = "发送"

[node name="ExitDialog" type="WindowDialog" parent="."]
margin_left = 960.0
margin_top = 560.0
margin_right = 1200.0
margin_bottom = 610.0
custom_fonts/title_font = ExtResource( 8 )
window_title = "退出"
script = ExtResource( 13 )

[node name="Label" type="Label" parent="ExitDialog"]
margin_top = 10.0
margin_right = 240.0
margin_bottom = 40.0
custom_fonts/font = ExtResource( 8 )
text = "你确定要退出游戏吗"
align = 1
valign = 1

[node name="Yes" type="Button" parent="ExitDialog"]
margin_left = 190.0
margin_top = 10.0
margin_right = 230.0
margin_bottom = 40.0
custom_fonts/font = ExtResource( 8 )
text = "退出"

[node name="No" type="Button" parent="ExitDialog"]
margin_left = 10.0
margin_top = 10.0
margin_right = 50.0
margin_bottom = 40.0
custom_fonts/font = ExtResource( 8 )
text = "继续"
[connection signal="text_changed" from="InputChat" to="." method="_on_InputChat_text_changed"]
[connection signal="button_down" from="Buttons/SendAsCharacter" to="." method="_on_SendAsCharacter_button_down"]
[connection signal="button_down" from="Buttons/SendAsPlayer" to="." method="_on_SendAsPlayer_button_down"]
[connection signal="button_down" from="Buttons/D4" to="." method="_on_D4_button_down"]
[connection signal="button_down" from="Buttons/D6" to="." method="_on_D6_button_down"]
[connection signal="button_down" from="Buttons/D8" to="." method="_on_D8_button_down"]
[connection signal="button_down" from="Buttons/D20" to="." method="_on_D20_button_down"]
[connection signal="button_down" from="Buttons/D100" to="." method="_on_D100_button_down"]
[connection signal="button_down" from="Buttons/ListPlayer" to="PlayerListDialog" method="_on_ListPlayer_button_down"]
[connection signal="button_down" from="Buttons/HiddenDice" to="HiddenDiceDialog" method="_on_HiddenDice_button_down"]
[connection signal="button_down" from="Buttons/Save" to="." method="_on_Save_button_down"]
[connection signal="button_down" from="Buttons/Notepad" to="NotepadDialog" method="_on_Notepad_button_down"]
[connection signal="button_down" from="Buttons/Exit" to="ExitDialog" method="_on_Exit_button_down"]
[connection signal="button_down" from="Buttons/PrivateMsg" to="PrivateMsgDialog" method="_on_PrivateMsg_button_down"]
[connection signal="button_down" from="ConnectingScreen/ButtonCancel" to="ConnectingScreen" method="_on_ButtonCancel_button_down"]
[connection signal="button_down" from="HiddenDiceDialog/HD4" to="HiddenDiceDialog" method="_on_HD4_button_down"]
[connection signal="button_down" from="HiddenDiceDialog/HD6" to="HiddenDiceDialog" method="_on_HD6_button_down"]
[connection signal="button_down" from="HiddenDiceDialog/HD8" to="HiddenDiceDialog" method="_on_HD8_button_down"]
[connection signal="button_down" from="HiddenDiceDialog/HD20" to="HiddenDiceDialog" method="_on_HD20_button_down"]
[connection signal="button_down" from="HiddenDiceDialog/HD100" to="HiddenDiceDialog" method="_on_HD100_button_down"]
[connection signal="text_changed" from="NotepadDialog/Notes" to="." method="_on_Notes_text_changed"]
[connection signal="popup_hide" from="PlayerListDialog" to="PlayerListDialog" method="_on_PlayerListDialog_popup_hide"]
[connection signal="item_selected" from="PlayerListDialog/PlayerList" to="PlayerListDialog" method="_on_PlayerList_item_selected"]
[connection signal="item_selected" from="PlayerListDialog/SkillList" to="PlayerListDialog" method="_on_SkillList_item_selected"]
[connection signal="text_changed" from="PlayerListDialog/STR" to="PlayerListDialog" method="_on_stats_text_changed"]
[connection signal="text_changed" from="PlayerListDialog/DEX" to="PlayerListDialog" method="_on_stats_text_changed"]
[connection signal="text_changed" from="PlayerListDialog/INT" to="PlayerListDialog" method="_on_stats_text_changed"]
[connection signal="text_changed" from="PlayerListDialog/CON" to="PlayerListDialog" method="_on_stats_text_changed"]
[connection signal="text_changed" from="PlayerListDialog/APP" to="PlayerListDialog" method="_on_stats_text_changed"]
[connection signal="text_changed" from="PlayerListDialog/POW" to="PlayerListDialog" method="_on_stats_text_changed"]
[connection signal="text_changed" from="PlayerListDialog/SIZ" to="PlayerListDialog" method="_on_stats_text_changed"]
[connection signal="text_changed" from="PlayerListDialog/EDU" to="PlayerListDialog" method="_on_stats_text_changed"]
[connection signal="text_changed" from="PlayerListDialog/Luck" to="PlayerListDialog" method="_on_stats_text_changed"]
[connection signal="text_changed" from="PlayerListDialog/SkillBase" to="PlayerListDialog" method="_on_skill_stat_text_changed"]
[connection signal="text_changed" from="PlayerListDialog/SkillPro" to="PlayerListDialog" method="_on_skill_stat_text_changed"]
[connection signal="text_changed" from="PlayerListDialog/SkillInterest" to="PlayerListDialog" method="_on_skill_stat_text_changed"]
[connection signal="text_changed" from="PlayerListDialog/SkillName" to="PlayerListDialog" method="_on_SkillName_text_changed"]
[connection signal="button_down" from="PlayerListDialog/ButtonSkillAdd" to="PlayerListDialog" method="_on_ButtonSkillAdd_button_down"]
[connection signal="button_down" from="PlayerListDialog/ButtonSkillRemove" to="PlayerListDialog" method="_on_ButtonSkillRemove_button_down"]
[connection signal="button_down" from="PlayerListDialog/ButtonSkillKick" to="PlayerListDialog" method="_on_ButtonSkillKick_button_down"]
[connection signal="text_changed" from="PlayerListDialog/HP/Current" to="PlayerListDialog" method="_on_stats_text_changed"]
[connection signal="text_changed" from="PlayerListDialog/HP/MAX" to="PlayerListDialog" method="_on_stats_text_changed"]
[connection signal="text_changed" from="PlayerListDialog/MP/Current" to="PlayerListDialog" method="_on_stats_text_changed"]
[connection signal="text_changed" from="PlayerListDialog/MP/MAX" to="PlayerListDialog" method="_on_stats_text_changed"]
[connection signal="text_changed" from="PlayerListDialog/SAN/Current" to="PlayerListDialog" method="_on_stats_text_changed"]
[connection signal="text_changed" from="PlayerListDialog/SAN/MAX" to="PlayerListDialog" method="_on_stats_text_changed"]
[connection signal="text_changed" from="PlayerListDialog/Damage" to="PlayerListDialog" method="_on_text_stats_text_changed"]
[connection signal="text_changed" from="PlayerListDialog/Body" to="PlayerListDialog" method="_on_stats_text_changed"]
[connection signal="text_changed" from="PlayerListDialog/MOV" to="PlayerListDialog" method="_on_stats_text_changed"]
[connection signal="text_changed" from="PlayerListDialog/Name" to="PlayerListDialog" method="_on_text_stats_text_changed"]
[connection signal="text_changed" from="PlayerListDialog/Player" to="PlayerListDialog" method="_on_text_stats_text_changed"]
[connection signal="text_changed" from="PlayerListDialog/Job" to="PlayerListDialog" method="_on_text_stats_text_changed"]
[connection signal="text_changed" from="PlayerListDialog/Address" to="PlayerListDialog" method="_on_text_stats_text_changed"]
[connection signal="text_changed" from="PlayerListDialog/Origin" to="PlayerListDialog" method="_on_text_stats_text_changed"]
[connection signal="text_changed" from="PlayerListDialog/Age" to="PlayerListDialog" method="_on_stats_text_changed"]
[connection signal="text_changed" from="PlayerListDialog/Sex" to="PlayerListDialog" method="_on_text_stats_text_changed"]
[connection signal="item_selected" from="PlayerListDialog/DetailList" to="PlayerListDialog" method="_on_DetailList_item_selected"]
[connection signal="nothing_selected" from="PlayerListDialog/DetailList" to="PlayerListDialog" method="_on_DetailList_nothing_selected"]
[connection signal="text_changed" from="PlayerListDialog/BGAppearance/Content" to="PlayerListDialog" method="_on_bg_info_text_changed"]
[connection signal="text_changed" from="PlayerListDialog/BGBelief/Content" to="PlayerListDialog" method="_on_bg_info_text_changed"]
[connection signal="text_changed" from="PlayerListDialog/BGPerson/Content" to="PlayerListDialog" method="_on_bg_info_text_changed"]
[connection signal="text_changed" from="PlayerListDialog/BGPlace/Content" to="PlayerListDialog" method="_on_bg_info_text_changed"]
[connection signal="text_changed" from="PlayerListDialog/BGTreasure/Content" to="PlayerListDialog" method="_on_bg_info_text_changed"]
[connection signal="text_changed" from="PlayerListDialog/BGPersonality/Content" to="PlayerListDialog" method="_on_bg_info_text_changed"]
[connection signal="text_changed" from="PlayerListDialog/BGScar/Content" to="PlayerListDialog" method="_on_bg_info_text_changed"]
[connection signal="text_changed" from="PlayerListDialog/BGIllness/Content" to="PlayerListDialog" method="_on_bg_info_text_changed"]
[connection signal="text_changed" from="PlayerListDialog/BGExtra/Content" to="PlayerListDialog" method="_on_bg_info_text_changed"]
[connection signal="text_changed" from="PlayerListDialog/Assets/Content" to="PlayerListDialog" method="_on_bg_info_text_changed"]
[connection signal="button_down" from="PlayerListDialog/ButtonReturn" to="PlayerListDialog" method="_on_ButtonReturn_button_down"]
[connection signal="button_down" from="SaveDialog/DialogSave" to="." method="_on_DialogSave_button_down"]
[connection signal="popup_hide" from="PrivateMsgDialog" to="PrivateMsgDialog" method="_on_PrivateMsgDialog_popup_hide"]
[connection signal="item_selected" from="PrivateMsgDialog/PlayerList" to="PrivateMsgDialog" method="_on_PlayerList_item_selected"]
[connection signal="nothing_selected" from="PrivateMsgDialog/PlayerList" to="PrivateMsgDialog" method="_on_PlayerList_nothing_selected"]
[connection signal="button_down" from="PrivateMsgDialog/ButtonSend" to="PrivateMsgDialog" method="_on_ButtonSend_button_down"]
[connection signal="button_down" from="ExitDialog/Yes" to="ExitDialog" method="_on_Yes_button_down"]
[connection signal="button_down" from="ExitDialog/No" to="ExitDialog" method="_on_No_button_down"]
